<?xml version="1.0" encoding="UTF-8"?><collection xmlns="http://www.loc.gov/MARC21/slim"><record><leader>00623nam--2200229-u-4500</leader><controlfield tag="001">000050352</controlfield><controlfield tag="002">20161230</controlfield><controlfield tag="003">81730</controlfield><controlfield tag="005">20161230201048</controlfield><controlfield tag="008">070123s1000------------r-----000-0-eng-d</controlfield><datafield ind1=" " ind2=" " tag="020"><subfield code="a">3-540-27706-4</subfield></datafield><datafield ind1=" " ind2=" " tag="040"><subfield code="a">IFIN-HH</subfield></datafield><datafield ind1=" " ind2=" " tag="041"><subfield code="a">eng</subfield></datafield><datafield ind1=" " ind2=" " tag="080"><subfield code="a">81730</subfield></datafield><datafield ind1="1" ind2=" " tag="100"><subfield code="a">Basdevant Jean-Louis and Dalibard,Jean</subfield></datafield><datafield ind1="1" ind2="0" tag="245"><subfield code="a">Quantum Mechanics</subfield></datafield><datafield ind1=" " ind2=" " tag="260"><subfield code="a">Berlin</subfield><subfield code="b">Springer</subfield><subfield code="c">2002</subfield></datafield><datafield ind1=" " ind2=" " tag="300"><subfield code="a">511 p</subfield></datafield><datafield ind1=" " ind2=" " tag="500"><subfield code="a">Including a Cd-ROM by Manuel Joffre. With 84 Figures and 92 Exercises with Solutions</subfield></datafield><datafield ind1=" " ind2="4" tag="650"><subfield code="a">Principles of Quantum Mechanics</subfield></datafield><datafield ind1=" " ind2=" " tag="852"><subfield code="c">530.14</subfield></datafield><datafield ind1=" " ind2=" " tag="CAT"><subfield code="a">Sys</subfield><subfield code="c">20070123</subfield><subfield code="h">133906</subfield></datafield></record></collection>